@misc{StabilityDiagram,
    author = {{Freesodas}},
    title = {Stability Diagram},
    year = {2018},
    url = {https://commons.wikimedia.org/wiki/File:Stability_Diagram.png}
}

@online{LaplacePractice,
    author = {{Andrew D. Loveless}},
    title = {Laplace Transform Practice Problems},
    year = 2019,
    url = {https://sites.math.washington.edu/~aloveles/Math307Fall2019/m307LaplacePractice.pdf}
}